@misc{misc:flutter_docs,
  title = {Flutter Dokumentation},
  url = {https://flutter.dev/docs},
  urldate = {2021-06-13},
}
@misc{misc:androiddeveloper,
    title = {Play.google.com, Google Play Console},
    url = {https://play.google.com/apps/publish/signup/},
    urldate = {2020-09-06},
}
@misc{misc:so_popularity,
    title = {Insights.stackoverflow.com, Most loved dreaded and wanted},
    url = {https://insights.stackoverflow.com/survey/2019#most-loved-dreaded-and-wanted},
    urldate = {2020-09-05},
}
@misc{misc:reactnative_vs_native,
    title = {Medium.com, React Native vs iOS/Android Native: what is the best choice for mobile development today?},
    url = {https://medium.com/@smartym.pro/react-native-vs-ios-android-native-what-is-the-best-choice-for-mobile-development-today-67cde42fc8bc},
    urldate = {2020-09-05},
}
@misc{misc:flutter_reactnative_xamarin,
    title = {Blog.logrocket.com, Flutter vs. React Native vs. Xamarin},
    url = {https://blog.logrocket.com/flutter-vs-react-native-vs-xamarin/},
    urldate = {2020-09-05},
}
@misc{misc:appledeveloper,
    title = {Developer.apple.com, Abschluss und Aktivierung},
    url = {https://developer.apple.com/de/support/purchase-activation/},
    urldate = {2020-09-04},
}
@misc{misc:marktforschung_smartphone,
    title = {Marktforschung.de, EITO: Smartphonenutzung},
    url = {https://www.marktforschung.de/aktuelles/marktforschung/acht-von-zehn-menschen-in-deutschland-nutzen-ein-smartphone/},
    urldate = {2020-08-12},
}
@misc{misc:kantarworldpanel,
    title = {Kantarworldpanel.com, Smartphone OS Market Share},
    url= {https://www.kantarworldpanel.com/global/smartphone-os-market-share/},
    urldate = {2021-06-13},
}

@book{Balzert:Lehrbuch-der-softwaretechnik,
  title     = {Lehrbuch der Softwaretechnik},
  subtitle  = {Basiskonzepte und Requirements Engineering},
  author    = {Balzert,Helmut},
  year      = {2009},
  address   = {Heidelberg},
  publisher = {Spektrum Akad. Verl.}
}
